%%%%%%%%%%%%%%%%%%%%%%%%%%%%%%%%%%%%%%%%%%%%%%%%%%%%%%%%%%%%%%%%%%%%%%
%% Sugestão de prompt para IA:
%% "Crie a referência BibTeX de um artigo de revista contendo autor(es), título com acentuação em LaTeX, nome da revista, volume, número, páginas e ano. {COLE AS REFERENCIAS AQUI}"
%%%%%%%%%%%%%%%%%%%%%%%%%%%%%%%%%%%%%%%%%%%%%%%%%%%%%%%%%%%%%%%%%%%%%%
%%%%Exemplo:
%%%%article{santos2022,
%%%%  author = {Santos, P. R. and Almeida, C. S. and Silva, B. M.},
%%%%  title = {Gamifica\c{c}\~ao e engajamento na aprendizagem de STEM: uma revis\~ao sistem\'atica},
%%%%  journal = {Educa\c{c}\~ao em Foco},
%%%%  volume = {52},
%%%%  number = {1},
%%%%  pages = {102-117},
%%%%  year = {2022}
%%%%}
%%%%%%%%%%%%%%%%%%%%%%%%%%%%%%%%%%%%%%%%%%%%%%%%%%%%%%%%%%%%%%%%%%%%%%
%% Autor do prompt: PROFFELIPEELIAS
%% Versão: 1.0
%% Ano de criação: 2025
%%%%%%%%%%%%%%%%%%%%%%%%%%%%%%%%%%%%%%%%%%%%%%%%%%%%%%%%%%%%%%%%%%%%%%

%% NOTA: em vez de usar as letras e vogais com acento ou sinais gr\'aficos (como o c cedilhado -- \c c), algo normal agora no texto em LaTeX, use aqui suas formas no padrão LaTeX, p. ex.:
%% \'a = a agudo (mesmo para outras vogais)
%% \^a = a circunflexo  
%% \`a = a craseado
%% \"a = a tremado
%% {\c c} = c cedilhado
%% Isto ainda é necessário para evitar inconsistências na geração da lista de referências bibliográficas.


@article{oliveira2023,
  author = {Oliveira, L. and Gomes, F. and Reis, D.},
  title = {Minecraft como ferramenta inovadora na educação científica},
  journal = {Revista de Ensino de Ciências e Tecnologia},
  volume = {30},
  number = {2},
  pages = {45-56},
  year = {2023}
}

@article{santos2022,
  author = {Santos, P. R. and Almeida, C. S. and Silva, B. M.},
  title = {Gamificação e engajamento na aprendizagem de STEM: uma revisão sistemática},
  journal = {Educação em Foco},
  volume = {52},
  number = {1},
  pages = {102-117},
  year = {2022}
}

@misc{newzoo2024,
  author = {Newzoo},
  title = {Relatório Global do Mercado de Games 2024},
  year = {2024},
  note = {Disponível em: https://newzoo.com/}
}

@online{uol2024,
  author = {UOL},
  year = {2024},
  title = {Desafios da educação científica no Brasil},
  url = {https://educacao.uol.com.br/}
}

@article{cardboard2014,
  author = {Damian, D. and Salinas, P.},
  title = {Google Cardboard: democratizando a realidade virtual com baixo custo},
  journal = {Revista Brasileira de Tecnologias Digitais},
  year = {2014},
  volume = {6},
  number = {2},
  pages = {70-80}
}

@conference{araujo2016,
  author = {Araujo, D. L. F. and Nascimento, J. C.},
  title = {Realidade Virtual acessível na educação básica: relato de experiência com óculos artesanais},
  booktitle = {Anais do Simpósio Brasileiro de Informática na Educação},
  year = {2016},
  pages = {325-334}
}
